@article{wu2012factored,
  title={Factored language model based on recurrent neural network},
  author={Wu, Youzheng and Lu, Xugang and Yamamoto, Hitoshi and Matsuda, Shigeki and Hori, Chiori and Kashioka, Hideki},
  year={2012},
  publisher={Citeseer}
}

@inproceedings{koehn2007factored,
  title={Factored Translation Models.},
  author={Koehn, Philipp and Hoang, Hieu},
  booktitle={EMNLP-CoNLL},
  pages={868--876},
  year={2007}
}

@inproceedings{bilmes2003factored,
  title={Factored language models and generalized parallel backoff},
  author={Bilmes, Jeff A and Kirchhoff, Katrin},
  booktitle={Proceedings of the 2003 Conference of the North American Chapter of the Association for Computational Linguistics on Human Language Technology: companion volume of the Proceedings of HLT-NAACL 2003--short papers-Volume 2},
  pages={4--6},
  year={2003},
  organization={Association for Computational Linguistics}
}

@inproceedings{mikolov2010recurrent,
  title={Recurrent neural network based language model.},
  author={Mikolov, Tomas and Karafi{\'a}t, Martin and Burget, Lukas and Cernock{\`y}, Jan and Khudanpur, Sanjeev},
  booktitle={Interspeech},
  volume={2},
  pages={3},
  year={2010}
}

@article{niehuesusing,
  title={Using Factored Word Representation in Neural Network Language Models},
  author={Niehues, Jan and Ha, Thanh-Le and Cho, Eunah and Waibel, Alex}
}

@inproceedings{mikolov2012context,
  title={Context dependent recurrent neural network language model.},
  author={Mikolov, Tomas and Zweig, Geoffrey},
  booktitle={SLT},
  pages={234--239},
  year={2012}
}

@article{salton1986introduction,
  title={Introduction to modern information retrieval},
  author={Salton, Gerard and McGill, Michael J},
  year={1986},
  publisher={McGraw-Hill, Inc.}
}

@article{deerwester1990indexing,
  title={Indexing by latent semantic analysis},
  author={Deerwester, Scott and Dumais, Susan T and Furnas, George W and Landauer, Thomas K and Harshman, Richard},
  journal={Journal of the American society for information science},
  volume={41},
  number={6},
  pages={391},
  year={1990},
  publisher={American Documentation Institute}
}


@inproceedings{bradford2008empirical,
  title={An empirical study of required dimensionality for large-scale latent semantic indexing applications},
  author={Bradford, Roger B},
  booktitle={Proceedings of the 17th ACM conference on Information and knowledge management},
  pages={153--162},
  year={2008},
  organization={ACM}
}


@article{blei2003latent,
  title={Latent dirichlet allocation},
  author={Blei, David M and Ng, Andrew Y and Jordan, Michael I},
  journal={Journal of machine Learning research},
  volume={3},
  number={Jan},
  pages={993--1022},
  year={2003}
}

@inproceedings{hoffman2010online,
  title={Online learning for latent dirichlet allocation},
  author={Hoffman, Matthew and Bach, Francis R and Blei, David M},
  booktitle={advances in neural information processing systems},
  pages={856--864},
  year={2010}
}
